% book excerpt; edm history, definition
@book{butler2006unlocking,
  title={Unlocking the groove: Rhythm, meter, and musical design in electronic dance music},
  author={Butler, Mark Jonathan},
  year={2006},
  publisher={Indiana University Press}
}

% edm "contradictory" politics, history
@article{fraser2012spaces,
  title={The spaces, politics, and cultural economies of electronic dance music},
  author={Fraser, Alistair},
  journal={Geography Compass},
  volume={6},
  number={8},
  pages={500--511},
  year={2012},
  publisher={Wiley Online Library}
}

% ML to generate EDM
% can query for features
% "expert analysis"
% really cool...
@inproceedings{eigenfeldt2013evolving,
  title={Evolving structures for electronic dance music},
  author={Eigenfeldt, Arne and Pasquier, Philippe},
  booktitle={Proceedings of the 15th annual conference on Genetic and evolutionary computation},
  pages={319--326},
  year={2013}
}

% qualitative analysis
% edm genre incompatible for existing analysis models
% good motivations for research in the problem area
@article{van2016distinctiveness,
  title={The distinctiveness of Electronic Dance Music. Challenging mainstream routines and structures in the music industries},
  author={Van der Velden, Job and Hitters, Erik},
  journal={International Journal of Music Business Research (online)},
  volume={5},
  number={1},
  pages={59--84},
  year={2016}
}

% "cited by" provides good leads
% https://scholar.google.com/scholar?cites=17275524168787006345&as_sdt=2005&sciodt=0,5&hl=en&scioq=electronic+dance+music+analysis
% essentia used for music research, classification, visualization, tagging, recommendation, detection, etc.
% inner-workings of essentia
@inproceedings{bogdanov2013essentia,
  title={Essentia: an open-source library for sound and music analysis},
  author={Bogdanov, Dmitry and Wack, Nicolas and G{\'o}mez, Emilia and Gulati, Sankalp and Herrera, Perfecto and Mayor, Oscar and Roma, Gerard and Salamon, Justin and Zapata, Jos{\'e} and Serra, Xavier},
  booktitle={Proceedings of the 21st ACM international conference on Multimedia},
  pages={855--858},
  year={2013}
}

% references field of Music Information Retrieval (MIR)
% non-conclusive(?) on optimal codecs/quality to use
@article{hulleman2022impact,
  title={Impact of audio codec and quality on genre classificaton and BPM recognition in Essentia},
  author={Hulleman, Sjoerd},
  year={2022}
}

% ml/statistics on "early EDM tracks"
% MIR
% successfully related 1980s works to 1960s
% genres "Chicago house and Detroit techno"
@inproceedings{collins2012influence,
  title={Influence in Early Electronic Dance Music: An Audio Content Analysis Investigation.},
  author={Collins, Nick},
  booktitle={ISMIR},
  pages={1--6},
  year={2012},
  organization={Citeseer}
}

% conceptualization of Indie subset of EDM
@article{hypertribe2024,
  title={Exploring the Intersection of Indie and EDM},
  author={{HyperTribe}},
  url={https://hypertribe.com/post/exploring-the-intersection-of-indie-and-edm/},
  year={2024},
  month={7},
  day={28}
}

% t
% some historical context
@article{lafs2017,
  title={A brief history of EDM},
  author={{The Los Angeles Film School}},  
  url={https://www.lafilm.edu/blog/brief-history-edm/},
  journal={The Los Angeles Film School},
  year={2017}
}

% t
% some current popular artists
@online{ranker2024,
  title={The Greatest EDM Artists Of All Time},
  author={{Ranker}},
  url={https://www.ranker.com/list/electronic-dance-music-bands-and-musicians/ranker-music},
  year={2024},
  month={9},
  day={17}
}

% does good job on the intro
% uses essentia and is about edm
% this is just for identifying keys/tonality
@inproceedings{faraldo2016key,
  title={Key estimation in electronic dance music},
  author={Faraldo, {\'A}ngel and G{\'o}mez, Emilia and Jord{\`a}, Sergi and Herrera, Perfecto},
  booktitle={Advances in Information Retrieval: 38th European Conference on IR Research, ECIR 2016, Padua, Italy, March 20--23, 2016. Proceedings 38},
  pages={335--347},
  year={2016},
  organization={Springer}
}

% redundant to cite?
@article{faraldo2018tonality,
  title={Tonality estimation in electronic dance music: a computational and musically informed examination},
  author={Faraldo P{\'e}rez, {\'A}ngel and others},
  year={2018},
  publisher={Universitat Pompeu Fabra}
}

% introduces 2 datasets specific to edm analysis
% uses user-submitted corrections e.g. for tempo/key
% also uses expert annotations
@inproceedings{knees2015two,
  title={Two data sets for tempo estimation and key detection in electronic dance music annotated from user corrections},
  author={Knees, Peter and Faraldo P{\'e}rez, {\'A}ngel and Boyer, Herrera and Vogl, Richard and B{\"o}ck, Sebastian and H{\"o}rschl{\"a}ger, Florian and Le Goff, Mickael and others},
  booktitle={Proceedings of the 16th International Society for Music Information Retrieval Conference (ISMIR); 2015 Oct 26-30; M{\'a}laga, Spain.[M{\'a}laga]: International Society for Music Information Retrieval, 2015. p. 364-70.},
  year={2015},
  organization={International Society for Music Information Retrieval (ISMIR)}
}




