


@incollection{einstein2013einstein,
  title={Einstein on politics},
  author={Einstein, Albert},
  booktitle={Einstein on Politics},
  year={2013},
  publisher={Princeton University Press}
}


@article{ozsvath2001approaches,
  title={Approaches to G{\"o}del's rotating universe},
  author={Ozsvath, Istvan and Sch{\"u}cking, Engelbert},
  journal={Classical and Quantum Gravity},
  volume={18},
  number={12},
  pages={2243},
  year={2001},
  publisher={IOP Publishing}
}

@article{ellis1979homogeneity,
  title={The homogeneity of the universe},
  author={Ellis, GFR},
  journal={General Relativity and Gravitation},
  volume={11},
  number={4},
  pages={281--289},
  year={1979},
  publisher={Springer}
}

@article{ozsvath1962finite,
  title={Finite rotating universe},
  author={Ozsv{\'a}th, Istv{\'a}n and Sch{\"u}cking, E},
  journal={Nature},
  volume={193},
  number={4821},
  pages={1168--1169},
  year={1962},
  publisher={Springer}
}

@article{godel1949example,
  title={An example of a new type of cosmological solutions of Einstein's field equations of gravitation},
  author={G{\"o}del, Kurt},
  journal={Reviews of modern physics},
  volume={21},
  number={3},
  pages={447},
  year={1949},
  publisher={APS}
}





